[gd_scene load_steps=2 format=3 uid="uid://i3jbqxdabxbw"]

[ext_resource type="Script" path="res://Scene/main.gd" id="1_xxi8r"]

[node name="Main" type="Control"]
layout_mode = 3
anchors_preset = 15
anchor_right = 1.0
anchor_bottom = 1.0
grow_horizontal = 2
grow_vertical = 2
size_flags_horizontal = 3
size_flags_vertical = 3
script = ExtResource("1_xxi8r")

[node name="ColorRect" type="ColorRect" parent="."]
layout_mode = 1
anchors_preset = 15
anchor_right = 1.0
anchor_bottom = 1.0
grow_horizontal = 2
grow_vertical = 2
color = Color(0.490196, 0.423529, 1, 1)

[node name="TextureRect" type="TextureRect" parent="."]
layout_mode = 1
anchors_preset = 15
anchor_right = 1.0
anchor_bottom = 1.0
grow_horizontal = 2
grow_vertical = 2

[node name="LevelBucket" type="Control" parent="."]
anchors_preset = 0
offset_right = 40.0
offset_bottom = 40.0

[node name="MainMenu" type="CanvasLayer" parent="."]

[node name="MarginContainer" type="MarginContainer" parent="MainMenu"]
anchors_preset = 15
anchor_right = 1.0
anchor_bottom = 1.0
grow_horizontal = 2
grow_vertical = 2
theme_override_constants/margin_left = 60
theme_override_constants/margin_top = 20
theme_override_constants/margin_right = 60
theme_override_constants/margin_bottom = 20

[node name="ColorRect" type="ColorRect" parent="MainMenu/MarginContainer"]
layout_mode = 2
color = Color(0.19198, 0.375933, 0.845266, 1)

[node name="VBoxContainer" type="VBoxContainer" parent="MainMenu/MarginContainer"]
layout_mode = 2

[node name="HSeparator" type="Control" parent="MainMenu/MarginContainer/VBoxContainer"]
layout_mode = 2

[node name="GameTitle" type="Label" parent="MainMenu/MarginContainer/VBoxContainer"]
layout_mode = 2
theme_override_font_sizes/font_size = 32
text = "Godot Suika"
horizontal_alignment = 1

[node name="HBoxContainer" type="HBoxContainer" parent="MainMenu/MarginContainer/VBoxContainer"]
layout_mode = 2
alignment = 1

[node name="VBoxContainer" type="VBoxContainer" parent="MainMenu/MarginContainer/VBoxContainer/HBoxContainer"]
layout_mode = 2
alignment = 1

[node name="Separator" type="Control" parent="MainMenu/MarginContainer/VBoxContainer/HBoxContainer/VBoxContainer"]
custom_minimum_size = Vector2(0, 10)
layout_mode = 2

[node name="StartButton" type="Button" parent="MainMenu/MarginContainer/VBoxContainer/HBoxContainer/VBoxContainer"]
unique_name_in_owner = true
custom_minimum_size = Vector2(120, 10)
layout_mode = 2
text = "Start"

[node name="QuitButton" type="Button" parent="MainMenu/MarginContainer/VBoxContainer/HBoxContainer/VBoxContainer"]
unique_name_in_owner = true
layout_mode = 2
text = "Quit"
